<?xml version="1.0" encoding="UTF-8"?><collection xmlns="http://www.loc.gov/MARC21/slim"><record><leader>00637nam--2200193-i-4500</leader><controlfield tag="001">000041403</controlfield><controlfield tag="002">20161230</controlfield><controlfield tag="005">20170219234827</controlfield><controlfield tag="008">060222s1000------------r-----000-0-eng-d</controlfield><datafield ind1=" " ind2=" " tag="040"><subfield code="a">IFIN-HH</subfield></datafield><datafield ind1=" " ind2=" " tag="080"><subfield code="a">539.2</subfield></datafield><datafield ind1="1" ind2=" " tag="100"><subfield code="a">Das, T. P</subfield></datafield><datafield ind1="1" ind2="0" tag="245"><subfield code="a">Solid state physics; advances in research and applications</subfield><subfield code="b">Supplement 1 nuclear quadrupole resonance spectroscopy</subfield><subfield code="c">T.P. Das, E.L. Hahn</subfield></datafield><datafield ind1=" " ind2=" " tag="260"><subfield code="a">New York</subfield><subfield code="b">Academic Press Inc., Publishers</subfield><subfield code="c">1958 (1955)</subfield></datafield><datafield ind1=" " ind2=" " tag="300"><subfield code="a">IX+223P</subfield></datafield><datafield ind1=" " ind2=" " tag="490"><subfield code="a">Solid State Physics; Advances In Research And Applications</subfield></datafield><datafield ind1="1" ind2=" " tag="700"><subfield code="a">Hahn, E. L</subfield></datafield><datafield ind1=" " ind2=" " tag="852"><subfield code="a">11711</subfield><subfield code="c">539.2</subfield></datafield><datafield ind1=" " ind2=" " tag="CAT"><subfield code="a">SYS</subfield><subfield code="c">20170219</subfield><subfield code="h">234827</subfield></datafield></record></collection>